

@article{project2pdf,
  title={Project 2, deadline october 1.},
  author={Hjorth-Jensen, Morten},
  journal={http://compphysics.github.io/ComputationalPhysics/doc/Projects/2018/Project2/html/Project2.html},
  year={2018},
}

@article{rottmann2006matematisk,
  title={Matematisk Formelsamling (Matematische Formelsammlung)},
  author={Rottmann, Karl},
  journal={Oslo, Norway: Spektrum forlag},
  volume={50},
  year={2006}
}

@article{hjorth2011computational,
  title={Computational physics},
  author={Hjorth-Jensen, Morten},
  journal={Lecture notes},
  year={2011}
}

